{
  "symbol": "TSLA",
  "chosen_source": "alphavantage",
  "years_found": 19,
  "available_years": [
    "2006",
    "2007",
    "2008",
    "2009",
    "2010",
    "2011",
    "2012",
    "2013",
    "2014",
    "2015",
    "2016",
    "2017",
    "2018",
    "2019",
    "2020",
    "2021",
    "2022",
    "2023",
    "2024"
  ],
  "all_scores": {
    "yfinance": 4,
    "finnhub": 10,
    "alphavantage": 19
  },
  "final_payload": {
    "overview": {
      "name": "Tesla Inc",
      "currency": "USD",
      "marketCap": 1455112323000.0,
      "peRatio": 303.83
    },
    "balancesheet": {},
    "cashflow": {
      "2024-12-31": {
        "operatingCashFlow": 14923000000.0,
        "capitalExpenditures": 11342000000.0,
        "freeCashFlow": null
      },
      "2023-12-31": {
        "operatingCashFlow": 13256000000.0,
        "capitalExpenditures": 8899000000.0,
        "freeCashFlow": null
      },
      "2022-12-31": {
        "operatingCashFlow": 14724000000.0,
        "capitalExpenditures": 7172000000.0,
        "freeCashFlow": null
      },
      "2021-12-31": {
        "operatingCashFlow": 11497000000.0,
        "capitalExpenditures": 8014000000.0,
        "freeCashFlow": null
      },
      "2020-12-31": {
        "operatingCashFlow": 5943000000.0,
        "capitalExpenditures": 3242000000.0,
        "freeCashFlow": null
      },
      "2019-12-31": {
        "operatingCashFlow": 2405000000.0,
        "capitalExpenditures": 1437000000.0,
        "freeCashFlow": null
      },
      "2018-12-31": {
        "operatingCashFlow": 2098000000.0,
        "capitalExpenditures": 2319000000.0,
        "freeCashFlow": null
      },
      "2017-12-31": {
        "operatingCashFlow": -61000000.0,
        "capitalExpenditures": 4081354000.0,
        "freeCashFlow": null
      },
      "2016-12-31": {
        "operatingCashFlow": -123829000.0,
        "capitalExpenditures": 1440471000.0,
        "freeCashFlow": null
      },
      "2015-12-31": {
        "operatingCashFlow": -524499000.0,
        "capitalExpenditures": 1634850000.0,
        "freeCashFlow": null
      },
      "2014-12-31": {
        "operatingCashFlow": -57337000.0,
        "capitalExpenditures": 969885000.0,
        "freeCashFlow": null
      },
      "2013-12-31": {
        "operatingCashFlow": 264804000.0,
        "capitalExpenditures": 264224000.0,
        "freeCashFlow": null
      },
      "2012-12-31": {
        "operatingCashFlow": -263815000.0,
        "capitalExpenditures": 239228000.0,
        "freeCashFlow": null
      },
      "2011-12-31": {
        "operatingCashFlow": -114364000.0,
        "capitalExpenditures": 197896000.0,
        "freeCashFlow": null
      },
      "2010-12-31": {
        "operatingCashFlow": -127817000.0,
        "capitalExpenditures": 40203000.0,
        "freeCashFlow": null
      },
      "2009-12-31": {
        "operatingCashFlow": -80825000.0,
        "capitalExpenditures": 11884000.0,
        "freeCashFlow": null
      },
      "2008-12-31": {
        "operatingCashFlow": -52412000.0,
        "capitalExpenditures": 10630000.0,
        "freeCashFlow": null
      },
      "2007-12-31": {
        "operatingCashFlow": -53469000.0,
        "capitalExpenditures": 9802000.0,
        "freeCashFlow": null
      },
      "2006-12-31": {
        "operatingCashFlow": -3428000.0,
        "capitalExpenditures": 6505000.0,
        "freeCashFlow": null
      }
    },
    "incomestatement": {
      "2024-12-31": {
        "totalRevenue": 97690000000.0,
        "netIncome": 7130000000.0,
        "eps": null,
        "interestExpense": 350000000.0,
        "netInterestIncome": 1219000000.0
      },
      "2023-12-31": {
        "totalRevenue": 96773000000.0,
        "netIncome": 14974000000.0,
        "eps": null,
        "interestExpense": 156000000.0,
        "netInterestIncome": 910000000.0
      },
      "2022-12-31": {
        "totalRevenue": 81462000000.0,
        "netIncome": 12587000000.0,
        "eps": null,
        "interestExpense": 191000000.0,
        "netInterestIncome": 106000000.0
      },
      "2021-12-31": {
        "totalRevenue": 53823000000.0,
        "netIncome": 5644000000.0,
        "eps": null,
        "interestExpense": 371000000.0,
        "netInterestIncome": -315000000.0
      },
      "2020-12-31": {
        "totalRevenue": 31536000000.0,
        "netIncome": 721000000.0,
        "eps": null,
        "interestExpense": 748000000.0,
        "netInterestIncome": -718000000.0
      },
      "2019-12-31": {
        "totalRevenue": 24578000000.0,
        "netIncome": -862000000.0,
        "eps": null,
        "interestExpense": 685000000.0,
        "netInterestIncome": -641000000.0
      },
      "2018-12-31": {
        "totalRevenue": 21461268000.0,
        "netIncome": -976000000.0,
        "eps": null,
        "interestExpense": 663000000.0,
        "netInterestIncome": -638538000.0
      },
      "2017-12-31": {
        "totalRevenue": 11759000000.0,
        "netIncome": -1962000000.0,
        "eps": null,
        "interestExpense": 471000000.0,
        "netInterestIncome": -451573000.0
      },
      "2016-12-31": {
        "totalRevenue": 7000132000.0,
        "netIncome": -674914000.0,
        "eps": null,
        "interestExpense": 198810000.0,
        "netInterestIncome": null
      },
      "2015-12-31": {
        "totalRevenue": 4046025000.0,
        "netIncome": -888663000.0,
        "eps": null,
        "interestExpense": 118851000.0,
        "netInterestIncome": null
      },
      "2014-12-31": {
        "totalRevenue": 3198356000.0,
        "netIncome": -294040000.0,
        "eps": null,
        "interestExpense": 100886000.0,
        "netInterestIncome": null
      },
      "2013-12-31": {
        "totalRevenue": 2013496000.0,
        "netIncome": -74014000.0,
        "eps": null,
        "interestExpense": 32934000.0,
        "netInterestIncome": null
      },
      "2012-12-31": {
        "totalRevenue": 413256000.0,
        "netIncome": -396213000.0,
        "eps": null,
        "interestExpense": 254000.0,
        "netInterestIncome": null
      },
      "2011-12-31": {
        "totalRevenue": 204242000.0,
        "netIncome": -254411000.0,
        "eps": null,
        "interestExpense": 43000.0,
        "netInterestIncome": null
      },
      "2010-12-31": {
        "totalRevenue": 116744000.0,
        "netIncome": -154328000.0,
        "eps": null,
        "interestExpense": 992000.0,
        "netInterestIncome": null
      },
      "2009-12-31": {
        "totalRevenue": 111943000.0,
        "netIncome": -55740000.0,
        "eps": null,
        "interestExpense": 2531000.0,
        "netInterestIncome": null
      },
      "2008-12-31": {
        "totalRevenue": 14742000.0,
        "netIncome": -82782000.0,
        "eps": null,
        "interestExpense": 3747000.0,
        "netInterestIncome": null
      },
      "2007-12-31": {
        "totalRevenue": 73000.0,
        "netIncome": -78157000.0,
        "eps": null,
        "interestExpense": 1749000.0,
        "netInterestIncome": null
      },
      "2006-12-31": {
        "totalRevenue": null,
        "netIncome": -29957000.0,
        "eps": null,
        "interestExpense": 423000.0,
        "netInterestIncome": null
      }
    }
  },
  "raw": {
    "yfinance": {
      "overview": {
        "marketCap": 1394349703168.0,
        "sharesOutstanding": 3325819167.0,
        "peRatio": 285.20407,
        "currency": "USD",
        "name": "Tesla, Inc.",
        "sector": "Consumer Cyclical",
        "industry": "Auto Manufacturers"
      },
      "balancesheet": {
        "2024-12-31": {
          "Treasury Shares Number": NaN,
          "Ordinary Shares Number": 3216000000.0,
          "Share Issued": 3216000000.0,
          "Total Debt": 13623000000.0,
          "Tangible Book Value": 71443000000.0,
          "Invested Capital": 80791000000.0,
          "Working Capital": 29539000000.0,
          "Net Tangible Assets": 71443000000.0,
          "Capital Lease Obligations": 5745000000.0,
          "Common Stock Equity": 72913000000.0,
          "Total Capitalization": 78448000000.0,
          "Total Equity Gross Minority Interest": 73680000000.0,
          "Minority Interest": 767000000.0,
          "Stockholders Equity": 72913000000.0,
          "Gains Losses Not Affecting Retained Earnings": -670000000.0,
          "Other Equity Adjustments": -670000000.0,
          "Retained Earnings": 35209000000.0,
          "Additional Paid In Capital": 38371000000.0,
          "Capital Stock": 3000000.0,
          "Common Stock": 3000000.0,
          "Preferred Stock": 0.0,
          "Total Liabilities Net Minority Interest": 48390000000.0,
          "Total Non Current Liabilities Net Minority Interest": 19569000000.0,
          "Other Non Current Liabilities": 1093000000.0,
          "Preferred Securities Outside Stock Equity": NaN,
          "Non Current Accrued Expenses": NaN,
          "Non Current Deferred Liabilities": 3317000000.0,
          "Non Current Deferred Revenue": 3317000000.0,
          "Non Current Deferred Taxes Liabilities": NaN,
          "Long Term Debt And Capital Lease Obligation": 10360000000.0,
          "Long Term Capital Lease Obligation": 4825000000.0,
          "Long Term Debt": 5535000000.0,
          "Long Term Provisions": 4799000000.0,
          "Current Liabilities": 28821000000.0,
          "Other Current Liabilities": 1549000000.0,
          "Current Deferred Liabilities": 4161000000.0,
          "Current Deferred Revenue": 4161000000.0,
          "Current Debt And Capital Lease Obligation": 3263000000.0,
          "Current Capital Lease Obligation": 920000000.0,
          "Current Debt": 2343000000.0,
          "Other Current Borrowings": 2343000000.0,
          "Line Of Credit": 0.0,
          "Current Provisions": 2222000000.0,
          "Payables And Accrued Expenses": 17626000000.0,
          "Current Accrued Expenses": 3785000000.0,
          "Interest Payable": NaN,
          "Payables": 13841000000.0,
          "Total Tax Payable": 1367000000.0,
          "Accounts Payable": 12474000000.0,
          "Total Assets": 122070000000.0,
          "Total Non Current Assets": 63716000000.0,
          "Other Non Current Assets": 4215000000.0,
          "Non Current Deferred Assets": 6524000000.0,
          "Non Current Deferred Taxes Assets": 6524000000.0,
          "Goodwill And Other Intangible Assets": 1470000000.0,
          "Other Intangible Assets": 1226000000.0,
          "Goodwill": 244000000.0,
          "Net PPE": 51507000000.0,
          "Accumulated Depreciation": -18898000000.0,
          "Gross PPE": 70405000000.0,
          "Leases": 3688000000.0,
          "Construction In Progress": 6783000000.0,
          "Other Properties": 14195000000.0,
          "Machinery Furniture Equipment": 28272000000.0,
          "Land And Improvements": 10677000000.0,
          "Properties": 6790000000.0,
          "Current Assets": 58360000000.0,
          "Other Current Assets": 5362000000.0,
          "Prepaid Assets": NaN,
          "Inventory": 12017000000.0,
          "Other Inventories": 1303000000.0,
          "Finished Goods": 3940000000.0,
          "Work In Process": 1532000000.0,
          "Raw Materials": 5242000000.0,
          "Receivables": 4418000000.0,
          "Accounts Receivable": 4418000000.0,
          "Cash Cash Equivalents And Short Term Investments": 36563000000.0,
          "Other Short Term Investments": 20424000000.0,
          "Cash And Cash Equivalents": 16139000000.0,
          "Cash Equivalents": 1753000000.0,
          "Cash Financial": 14386000000.0
        },
        "2023-12-31": {
          "Treasury Shares Number": 0.0,
          "Ordinary Shares Number": 3185000000.0,
          "Share Issued": 3185000000.0,
          "Total Debt": 9573000000.0,
          "Tangible Book Value": 62019000000.0,
          "Invested Capital": 67291000000.0,
          "Working Capital": 20868000000.0,
          "Net Tangible Assets": 62019000000.0,
          "Capital Lease Obligations": 4916000000.0,
          "Common Stock Equity": 62634000000.0,
          "Total Capitalization": 65316000000.0,
          "Total Equity Gross Minority Interest": 63609000000.0,
          "Minority Interest": 975000000.0,
          "Stockholders Equity": 62634000000.0,
          "Gains Losses Not Affecting Retained Earnings": -143000000.0,
          "Other Equity Adjustments": -143000000.0,
          "Retained Earnings": 27882000000.0,
          "Additional Paid In Capital": 34892000000.0,
          "Capital Stock": 3000000.0,
          "Common Stock": 3000000.0,
          "Preferred Stock": 0.0,
          "Total Liabilities Net Minority Interest": 43009000000.0,
          "Total Non Current Liabilities Net Minority Interest": 14261000000.0,
          "Other Non Current Liabilities": 876000000.0,
          "Preferred Securities Outside Stock Equity": NaN,
          "Non Current Accrued Expenses": 3606000000.0,
          "Non Current Deferred Liabilities": 3251000000.0,
          "Non Current Deferred Revenue": 3251000000.0,
          "Non Current Deferred Taxes Liabilities": NaN,
          "Long Term Debt And Capital Lease Obligation": 6528000000.0,
          "Long Term Capital Lease Obligation": 3846000000.0,
          "Long Term Debt": 2682000000.0,
          "Long Term Provisions": 3606000000.0,
          "Current Liabilities": 28748000000.0,
          "Other Current Liabilities": 517000000.0,
          "Current Deferred Liabilities": 3740000000.0,
          "Current Deferred Revenue": 3740000000.0,
          "Current Debt And Capital Lease Obligation": 3045000000.0,
          "Current Capital Lease Obligation": 1070000000.0,
          "Current Debt": 1975000000.0,
          "Other Current Borrowings": 1975000000.0,
          "Line Of Credit": 0.0,
          "Current Provisions": 1765000000.0,
          "Payables And Accrued Expenses": 19681000000.0,
          "Current Accrued Expenses": 4046000000.0,
          "Interest Payable": NaN,
          "Payables": 15635000000.0,
          "Total Tax Payable": 1204000000.0,
          "Accounts Payable": 14431000000.0,
          "Total Assets": 106618000000.0,
          "Total Non Current Assets": 57003000000.0,
          "Other Non Current Assets": 4531000000.0,
          "Non Current Deferred Assets": 6733000000.0,
          "Non Current Deferred Taxes Assets": 6733000000.0,
          "Goodwill And Other Intangible Assets": 615000000.0,
          "Other Intangible Assets": 362000000.0,
          "Goodwill": 253000000.0,
          "Net PPE": 45124000000.0,
          "Accumulated Depreciation": -15077000000.0,
          "Gross PPE": 60201000000.0,
          "Leases": 3136000000.0,
          "Construction In Progress": 5791000000.0,
          "Other Properties": 8819000000.0,
          "Machinery Furniture Equipment": 26087000000.0,
          "Land And Improvements": 9498000000.0,
          "Properties": 6870000000.0,
          "Current Assets": 49616000000.0,
          "Other Current Assets": 3388000000.0,
          "Prepaid Assets": NaN,
          "Inventory": 13626000000.0,
          "Other Inventories": 1171000000.0,
          "Finished Goods": 5049000000.0,
          "Work In Process": 2016000000.0,
          "Raw Materials": 5390000000.0,
          "Receivables": 3508000000.0,
          "Accounts Receivable": 3508000000.0,
          "Cash Cash Equivalents And Short Term Investments": 29094000000.0,
          "Other Short Term Investments": 12696000000.0,
          "Cash And Cash Equivalents": 16398000000.0,
          "Cash Equivalents": 495000000.0,
          "Cash Financial": 15903000000.0
        },
        "2022-12-31": {
          "Treasury Shares Number": NaN,
          "Ordinary Shares Number": 3164000000.0,
          "Share Issued": 3164000000.0,
          "Total Debt": 5748000000.0,
          "Tangible Book Value": 44111000000.0,
          "Invested Capital": 46749000000.0,
          "Working Capital": 14208000000.0,
          "Net Tangible Assets": 44111000000.0,
          "Capital Lease Obligations": 3703000000.0,
          "Common Stock Equity": 44704000000.0,
          "Total Capitalization": 45733000000.0,
          "Total Equity Gross Minority Interest": 45898000000.0,
          "Minority Interest": 1194000000.0,
          "Stockholders Equity": 44704000000.0,
          "Gains Losses Not Affecting Retained Earnings": -361000000.0,
          "Other Equity Adjustments": -361000000.0,
          "Retained Earnings": 12885000000.0,
          "Additional Paid In Capital": 32177000000.0,
          "Capital Stock": 3000000.0,
          "Common Stock": 3000000.0,
          "Preferred Stock": 0.0,
          "Total Liabilities Net Minority Interest": 36440000000.0,
          "Total Non Current Liabilities Net Minority Interest": 9731000000.0,
          "Other Non Current Liabilities": 686000000.0,
          "Preferred Securities Outside Stock Equity": NaN,
          "Non Current Accrued Expenses": 2480000000.0,
          "Non Current Deferred Liabilities": 2804000000.0,
          "Non Current Deferred Revenue": 2804000000.0,
          "Non Current Deferred Taxes Liabilities": 82000000.0,
          "Long Term Debt And Capital Lease Obligation": 3761000000.0,
          "Long Term Capital Lease Obligation": 2732000000.0,
          "Long Term Debt": 1029000000.0,
          "Long Term Provisions": 2480000000.0,
          "Current Liabilities": 26709000000.0,
          "Other Current Liabilities": 354000000.0,
          "Current Deferred Liabilities": 2810000000.0,
          "Current Deferred Revenue": 2810000000.0,
          "Current Debt And Capital Lease Obligation": 1987000000.0,
          "Current Capital Lease Obligation": 971000000.0,
          "Current Debt": 1016000000.0,
          "Other Current Borrowings": 1016000000.0,
          "Line Of Credit": 0.0,
          "Current Provisions": 1295000000.0,
          "Payables And Accrued Expenses": 20263000000.0,
          "Current Accrued Expenses": 3773000000.0,
          "Interest Payable": NaN,
          "Payables": 16490000000.0,
          "Total Tax Payable": 1235000000.0,
          "Accounts Payable": 15255000000.0,
          "Total Assets": 82338000000.0,
          "Total Non Current Assets": 41421000000.0,
          "Other Non Current Assets": 3865000000.0,
          "Non Current Deferred Assets": 328000000.0,
          "Non Current Deferred Taxes Assets": 328000000.0,
          "Goodwill And Other Intangible Assets": 593000000.0,
          "Other Intangible Assets": 399000000.0,
          "Goodwill": 194000000.0,
          "Net PPE": 36635000000.0,
          "Accumulated Depreciation": -11499000000.0,
          "Gross PPE": 48134000000.0,
          "Leases": 2366000000.0,
          "Construction In Progress": 4281000000.0,
          "Other Properties": 5142000000.0,
          "Machinery Furniture Equipment": 21705000000.0,
          "Land And Improvements": 7751000000.0,
          "Properties": 6889000000.0,
          "Current Assets": 40917000000.0,
          "Other Current Assets": 2941000000.0,
          "Prepaid Assets": NaN,
          "Inventory": 12839000000.0,
          "Other Inventories": 842000000.0,
          "Finished Goods": 3475000000.0,
          "Work In Process": 2385000000.0,
          "Raw Materials": 6137000000.0,
          "Receivables": 2952000000.0,
          "Accounts Receivable": 2952000000.0,
          "Cash Cash Equivalents And Short Term Investments": 22185000000.0,
          "Other Short Term Investments": 5932000000.0,
          "Cash And Cash Equivalents": 16253000000.0,
          "Cash Equivalents": 2288000000.0,
          "Cash Financial": 13965000000.0
        },
        "2021-12-31": {
          "Treasury Shares Number": NaN,
          "Ordinary Shares Number": 3099000000.0,
          "Share Issued": 3099000000.0,
          "Total Debt": 8873000000.0,
          "Tangible Book Value": 28472000000.0,
          "Invested Capital": 35531000000.0,
          "Working Capital": 7395000000.0,
          "Net Tangible Assets": 28472000000.0,
          "Capital Lease Obligations": 3531000000.0,
          "Common Stock Equity": 30189000000.0,
          "Total Capitalization": 34443000000.0,
          "Total Equity Gross Minority Interest": 31583000000.0,
          "Minority Interest": 1394000000.0,
          "Stockholders Equity": 30189000000.0,
          "Gains Losses Not Affecting Retained Earnings": 54000000.0,
          "Other Equity Adjustments": 54000000.0,
          "Retained Earnings": 329000000.0,
          "Additional Paid In Capital": 29803000000.0,
          "Capital Stock": 3000000.0,
          "Common Stock": 3000000.0,
          "Preferred Stock": 0.0,
          "Total Liabilities Net Minority Interest": 30548000000.0,
          "Total Non Current Liabilities Net Minority Interest": 10843000000.0,
          "Other Non Current Liabilities": 320000000.0,
          "Preferred Securities Outside Stock Equity": 568000000.0,
          "Non Current Accrued Expenses": 1398000000.0,
          "Non Current Deferred Liabilities": 2076000000.0,
          "Non Current Deferred Revenue": 2052000000.0,
          "Non Current Deferred Taxes Liabilities": 24000000.0,
          "Long Term Debt And Capital Lease Obligation": 6916000000.0,
          "Long Term Capital Lease Obligation": 2662000000.0,
          "Long Term Debt": 4254000000.0,
          "Long Term Provisions": 1531000000.0,
          "Current Liabilities": 19705000000.0,
          "Other Current Liabilities": 310000000.0,
          "Current Deferred Liabilities": 2372000000.0,
          "Current Deferred Revenue": 2372000000.0,
          "Current Debt And Capital Lease Obligation": 1957000000.0,
          "Current Capital Lease Obligation": 869000000.0,
          "Current Debt": 1088000000.0,
          "Other Current Borrowings": 1088000000.0,
          "Line Of Credit": NaN,
          "Current Provisions": 968000000.0,
          "Payables And Accrued Expenses": 14098000000.0,
          "Current Accrued Expenses": 2951000000.0,
          "Interest Payable": 16000000.0,
          "Payables": 11147000000.0,
          "Total Tax Payable": 1122000000.0,
          "Accounts Payable": 10025000000.0,
          "Total Assets": 62131000000.0,
          "Total Non Current Assets": 35027000000.0,
          "Other Non Current Assets": 2138000000.0,
          "Non Current Deferred Assets": NaN,
          "Non Current Deferred Taxes Assets": NaN,
          "Goodwill And Other Intangible Assets": 1717000000.0,
          "Other Intangible Assets": 1517000000.0,
          "Goodwill": 200000000.0,
          "Net PPE": 31172000000.0,
          "Accumulated Depreciation": -8691000000.0,
          "Gross PPE": 39863000000.0,
          "Leases": 1826000000.0,
          "Construction In Progress": 5598000000.0,
          "Other Properties": 4204000000.0,
          "Machinery Furniture Equipment": 16647000000.0,
          "Land And Improvements": 4675000000.0,
          "Properties": 6913000000.0,
          "Current Assets": 27100000000.0,
          "Other Current Assets": 1723000000.0,
          "Prepaid Assets": 1723000000.0,
          "Inventory": 5757000000.0,
          "Other Inventories": 575000000.0,
          "Finished Goods": 1277000000.0,
          "Work In Process": 1089000000.0,
          "Raw Materials": 2816000000.0,
          "Receivables": 1913000000.0,
          "Accounts Receivable": 1913000000.0,
          "Cash Cash Equivalents And Short Term Investments": 17707000000.0,
          "Other Short Term Investments": 131000000.0,
          "Cash And Cash Equivalents": 17576000000.0,
          "Cash Equivalents": 9548000000.0,
          "Cash Financial": 8028000000.0
        }
      },
      "cashflow": {
        "2024-12-31": {
          "Free Cash Flow": 3581000000.0,
          "Repayment Of Debt": -2881000000.0,
          "Issuance Of Debt": 5744000000.0,
          "Issuance Of Capital Stock": NaN,
          "Capital Expenditure": -11342000000.0,
          "Interest Paid Supplemental Data": 277000000.0,
          "Income Tax Paid Supplemental Data": 1331000000.0,
          "End Cash Position": 17037000000.0,
          "Beginning Cash Position": 17189000000.0,
          "Effect Of Exchange Rate Changes": -141000000.0,
          "Changes In Cash": -11000000.0,
          "Financing Cash Flow": 3853000000.0,
          "Cash Flow From Continuing Financing Activities": 3853000000.0,
          "Net Other Financing Charges": -251000000.0,
          "Proceeds From Stock Option Exercised": 1241000000.0,
          "Net Common Stock Issuance": NaN,
          "Common Stock Issuance": NaN,
          "Net Issuance Payments Of Debt": 2863000000.0,
          "Net Long Term Debt Issuance": 2863000000.0,
          "Long Term Debt Payments": -2881000000.0,
          "Long Term Debt Issuance": 5744000000.0,
          "Investing Cash Flow": -18787000000.0,
          "Cash Flow From Continuing Investing Activities": -18787000000.0,
          "Net Other Investing Changes": NaN,
          "Net Investment Purchase And Sale": -7445000000.0,
          "Sale Of Investment": 28510000000.0,
          "Purchase Of Investment": -35955000000.0,
          "Net Business Purchase And Sale": 0.0,
          "Sale Of Business": NaN,
          "Purchase Of Business": 0.0,
          "Net Intangibles Purchase And Sale": 0.0,
          "Sale Of Intangibles": 0.0,
          "Purchase Of Intangibles": 0.0,
          "Net PPE Purchase And Sale": -11342000000.0,
          "Purchase Of PPE": -11342000000.0,
          "Operating Cash Flow": 14923000000.0,
          "Cash Flow From Continuing Operating Activities": 14923000000.0,
          "Change In Working Capital": 81000000.0,
          "Change In Other Working Capital": 502000000.0,
          "Change In Other Current Liabilities": NaN,
          "Change In Other Current Assets": -590000000.0,
          "Change In Payables And Accrued Expense": 3588000000.0,
          "Change In Payable": 3588000000.0,
          "Change In Account Payable": 3588000000.0,
          "Change In Prepaid Assets": -3273000000.0,
          "Change In Inventory": 937000000.0,
          "Change In Receivables": -1083000000.0,
          "Changes In Account Receivables": -1083000000.0,
          "Other Non Cash Items": 172000000.0,
          "Stock Based Compensation": 1999000000.0,
          "Asset Impairment Charge": 335000000.0,
          "Deferred Tax": 477000000.0,
          "Deferred Income Tax": 477000000.0,
          "Depreciation Amortization Depletion": 5368000000.0,
          "Depreciation And Amortization": 5368000000.0,
          "Depreciation": 5368000000.0,
          "Operating Gains Losses": -662000000.0,
          "Net Foreign Currency Exchange Gain Loss": -73000000.0,
          "Gain Loss On Sale Of PPE": -589000000.0,
          "Net Income From Continuing Operations": 7153000000.0
        },
        "2023-12-31": {
          "Free Cash Flow": 4357000000.0,
          "Repayment Of Debt": -1815000000.0,
          "Issuance Of Debt": 3931000000.0,
          "Issuance Of Capital Stock": NaN,
          "Capital Expenditure": -8899000000.0,
          "Interest Paid Supplemental Data": 126000000.0,
          "Income Tax Paid Supplemental Data": 1119000000.0,
          "End Cash Position": 17189000000.0,
          "Beginning Cash Position": 16924000000.0,
          "Effect Of Exchange Rate Changes": 4000000.0,
          "Changes In Cash": 261000000.0,
          "Financing Cash Flow": 2589000000.0,
          "Cash Flow From Continuing Financing Activities": 2589000000.0,
          "Net Other Financing Charges": -227000000.0,
          "Proceeds From Stock Option Exercised": 700000000.0,
          "Net Common Stock Issuance": NaN,
          "Common Stock Issuance": NaN,
          "Net Issuance Payments Of Debt": 2116000000.0,
          "Net Long Term Debt Issuance": 2116000000.0,
          "Long Term Debt Payments": -1815000000.0,
          "Long Term Debt Issuance": 3931000000.0,
          "Investing Cash Flow": -15584000000.0,
          "Cash Flow From Continuing Investing Activities": -15584000000.0,
          "Net Other Investing Changes": NaN,
          "Net Investment Purchase And Sale": -6621000000.0,
          "Sale Of Investment": 12491000000.0,
          "Purchase Of Investment": -19112000000.0,
          "Net Business Purchase And Sale": -64000000.0,
          "Sale Of Business": NaN,
          "Purchase Of Business": -64000000.0,
          "Net Intangibles Purchase And Sale": 0.0,
          "Sale Of Intangibles": 0.0,
          "Purchase Of Intangibles": 0.0,
          "Net PPE Purchase And Sale": -8899000000.0,
          "Purchase Of PPE": -8899000000.0,
          "Operating Cash Flow": 13256000000.0,
          "Cash Flow From Continuing Operating Activities": 13256000000.0,
          "Change In Working Capital": -2248000000.0,
          "Change In Other Working Capital": 1532000000.0,
          "Change In Other Current Liabilities": NaN,
          "Change In Other Current Assets": -1952000000.0,
          "Change In Payables And Accrued Expense": 2605000000.0,
          "Change In Payable": 2605000000.0,
          "Change In Account Payable": 2605000000.0,
          "Change In Prepaid Assets": -2652000000.0,
          "Change In Inventory": -1195000000.0,
          "Change In Receivables": -586000000.0,
          "Changes In Account Receivables": -586000000.0,
          "Other Non Cash Items": 81000000.0,
          "Stock Based Compensation": 1812000000.0,
          "Asset Impairment Charge": 463000000.0,
          "Deferred Tax": -6349000000.0,
          "Deferred Income Tax": -6349000000.0,
          "Depreciation Amortization Depletion": 4667000000.0,
          "Depreciation And Amortization": 4667000000.0,
          "Depreciation": 4667000000.0,
          "Operating Gains Losses": -144000000.0,
          "Net Foreign Currency Exchange Gain Loss": -144000000.0,
          "Gain Loss On Sale Of PPE": 0.0,
          "Net Income From Continuing Operations": 14974000000.0
        },
        "2022-12-31": {
          "Free Cash Flow": 7552000000.0,
          "Repayment Of Debt": -3866000000.0,
          "Issuance Of Debt": 0.0,
          "Issuance Of Capital Stock": 0.0,
          "Capital Expenditure": -7172000000.0,
          "Interest Paid Supplemental Data": 152000000.0,
          "Income Tax Paid Supplemental Data": 1203000000.0,
          "End Cash Position": 16924000000.0,
          "Beginning Cash Position": 18144000000.0,
          "Effect Of Exchange Rate Changes": -444000000.0,
          "Changes In Cash": -776000000.0,
          "Financing Cash Flow": -3527000000.0,
          "Cash Flow From Continuing Financing Activities": -3527000000.0,
          "Net Other Financing Charges": -202000000.0,
          "Proceeds From Stock Option Exercised": 541000000.0,
          "Net Common Stock Issuance": 0.0,
          "Common Stock Issuance": 0.0,
          "Net Issuance Payments Of Debt": -3866000000.0,
          "Net Long Term Debt Issuance": -3866000000.0,
          "Long Term Debt Payments": -3866000000.0,
          "Long Term Debt Issuance": 0.0,
          "Investing Cash Flow": -11973000000.0,
          "Cash Flow From Continuing Investing Activities": -11973000000.0,
          "Net Other Investing Changes": 76000000.0,
          "Net Investment Purchase And Sale": -5813000000.0,
          "Sale Of Investment": 22000000.0,
          "Purchase Of Investment": -5835000000.0,
          "Net Business Purchase And Sale": 0.0,
          "Sale Of Business": 0.0,
          "Purchase Of Business": 0.0,
          "Net Intangibles Purchase And Sale": 927000000.0,
          "Sale Of Intangibles": 936000000.0,
          "Purchase Of Intangibles": -9000000.0,
          "Net PPE Purchase And Sale": -7163000000.0,
          "Purchase Of PPE": -7163000000.0,
          "Operating Cash Flow": 14724000000.0,
          "Cash Flow From Continuing Operating Activities": 14724000000.0,
          "Change In Working Capital": -3712000000.0,
          "Change In Other Working Capital": 1131000000.0,
          "Change In Other Current Liabilities": 1904000000.0,
          "Change In Other Current Assets": -1570000000.0,
          "Change In Payables And Accrued Expense": 8029000000.0,
          "Change In Payable": 8029000000.0,
          "Change In Account Payable": 8029000000.0,
          "Change In Prepaid Assets": -3713000000.0,
          "Change In Inventory": -6465000000.0,
          "Change In Receivables": -1124000000.0,
          "Changes In Account Receivables": -1124000000.0,
          "Other Non Cash Items": 340000000.0,
          "Stock Based Compensation": 1560000000.0,
          "Asset Impairment Charge": 177000000.0,
          "Deferred Tax": -196000000.0,
          "Deferred Income Tax": -196000000.0,
          "Depreciation Amortization Depletion": 3747000000.0,
          "Depreciation And Amortization": 3747000000.0,
          "Depreciation": 3747000000.0,
          "Operating Gains Losses": 221000000.0,
          "Net Foreign Currency Exchange Gain Loss": 81000000.0,
          "Gain Loss On Sale Of PPE": 140000000.0,
          "Net Income From Continuing Operations": 12587000000.0
        },
        "2021-12-31": {
          "Free Cash Flow": 3483000000.0,
          "Repayment Of Debt": -14615000000.0,
          "Issuance Of Debt": 8883000000.0,
          "Issuance Of Capital Stock": 0.0,
          "Capital Expenditure": -8014000000.0,
          "Interest Paid Supplemental Data": 266000000.0,
          "Income Tax Paid Supplemental Data": 561000000.0,
          "End Cash Position": 18144000000.0,
          "Beginning Cash Position": 19901000000.0,
          "Effect Of Exchange Rate Changes": -183000000.0,
          "Changes In Cash": -1574000000.0,
          "Financing Cash Flow": -5203000000.0,
          "Cash Flow From Continuing Financing Activities": -5203000000.0,
          "Net Other Financing Charges": -178000000.0,
          "Proceeds From Stock Option Exercised": 707000000.0,
          "Net Common Stock Issuance": 0.0,
          "Common Stock Issuance": 0.0,
          "Net Issuance Payments Of Debt": -5732000000.0,
          "Net Long Term Debt Issuance": -5732000000.0,
          "Long Term Debt Payments": -14615000000.0,
          "Long Term Debt Issuance": 8883000000.0,
          "Investing Cash Flow": -7868000000.0,
          "Cash Flow From Continuing Investing Activities": -7868000000.0,
          "Net Other Investing Changes": 6000000.0,
          "Net Investment Purchase And Sale": -132000000.0,
          "Sale Of Investment": 0.0,
          "Purchase Of Investment": -132000000.0,
          "Net Business Purchase And Sale": 0.0,
          "Sale Of Business": 0.0,
          "Purchase Of Business": 0.0,
          "Net Intangibles Purchase And Sale": -1228000000.0,
          "Sale Of Intangibles": 272000000.0,
          "Purchase Of Intangibles": -1500000000.0,
          "Net PPE Purchase And Sale": -6514000000.0,
          "Purchase Of PPE": -6514000000.0,
          "Operating Cash Flow": 11497000000.0,
          "Cash Flow From Continuing Operating Activities": 11497000000.0,
          "Change In Working Capital": 667000000.0,
          "Change In Other Working Capital": 793000000.0,
          "Change In Other Current Liabilities": 476000000.0,
          "Change In Other Current Assets": -2114000000.0,
          "Change In Payables And Accrued Expense": 5367000000.0,
          "Change In Payable": 5367000000.0,
          "Change In Account Payable": 5367000000.0,
          "Change In Prepaid Assets": -1540000000.0,
          "Change In Inventory": -1709000000.0,
          "Change In Receivables": -130000000.0,
          "Changes In Account Receivables": -130000000.0,
          "Other Non Cash Items": 245000000.0,
          "Stock Based Compensation": 2121000000.0,
          "Asset Impairment Charge": 140000000.0,
          "Deferred Tax": -149000000.0,
          "Deferred Income Tax": -149000000.0,
          "Depreciation Amortization Depletion": 2911000000.0,
          "Depreciation And Amortization": 2911000000.0,
          "Depreciation": 2911000000.0,
          "Operating Gains Losses": -82000000.0,
          "Net Foreign Currency Exchange Gain Loss": -55000000.0,
          "Gain Loss On Sale Of PPE": -27000000.0,
          "Net Income From Continuing Operations": 5644000000.0
        }
      },
      "incomestatement": {
        "2024-12-31": {
          "Tax Effect Of Unusual Items": -136800000.0,
          "Tax Rate For Calcs": 0.2,
          "Normalized EBITDA": 15392000000.0,
          "Total Unusual Items": -684000000.0,
          "Total Unusual Items Excluding Goodwill": -684000000.0,
          "Net Income From Continuing Operation Net Minority Interest": 7130000000.0,
          "Reconciled Depreciation": 5368000000.0,
          "Reconciled Cost Of Revenue": 80240000000.0,
          "EBITDA": 14708000000.0,
          "EBIT": 9340000000.0,
          "Interest Income": 1569000000.0,
          "Normalized Income": 7677200000.0,
          "Net Income From Continuing And Discontinued Operation": 7130000000.0,
          "Total Expenses": 89930000000.0,
          "Rent Expense Supplemental": 1003000000.0,
          "Total Operating Income As Reported": 7076000000.0,
          "Diluted Average Shares": 3216000000.0,
          "Basic Average Shares": 3216000000.0,
          "Diluted EPS": 2.04,
          "Basic EPS": 2.23,
          "Diluted NI Availto Com Stockholders": 7130000000.0,
          "Average Dilution Earnings": 0.0,
          "Net Income Common Stockholders": 7130000000.0,
          "Otherunder Preferred Stock Dividend": NaN,
          "Net Income": 7130000000.0,
          "Minority Interests": -23000000.0,
          "Net Income Including Noncontrolling Interests": 7153000000.0,
          "Net Income Continuous Operations": 7153000000.0,
          "Tax Provision": 1837000000.0,
          "Pretax Income": 8990000000.0,
          "Other Income Expense": 11000000.0,
          "Other Non Operating Income Expenses": 695000000.0,
          "Special Income Charges": -684000000.0,
          "Restructuring And Mergern Acquisition": 684000000.0,
          "Net Non Operating Interest Income Expense": 1219000000.0,
          "Interest Expense Non Operating": 350000000.0,
          "Interest Income Non Operating": 1569000000.0,
          "Operating Income": 7760000000.0,
          "Operating Expense": 9690000000.0,
          "Research And Development": 4540000000.0,
          "Selling General And Administration": 5150000000.0,
          "Gross Profit": 17450000000.0,
          "Cost Of Revenue": 80240000000.0,
          "Operating Revenue": 97690000000.0
        },
        "2023-12-31": {
          "Tax Effect Of Unusual Items": 0.0,
          "Tax Rate For Calcs": 0.21,
          "Normalized EBITDA": 14796000000.0,
          "Total Unusual Items": 0.0,
          "Total Unusual Items Excluding Goodwill": 0.0,
          "Net Income From Continuing Operation Net Minority Interest": 14999000000.0,
          "Reconciled Depreciation": 4667000000.0,
          "Reconciled Cost Of Revenue": 79113000000.0,
          "EBITDA": 14796000000.0,
          "EBIT": 10129000000.0,
          "Interest Income": 1066000000.0,
          "Normalized Income": 14999000000.0,
          "Net Income From Continuing And Discontinued Operation": 14999000000.0,
          "Total Expenses": 87882000000.0,
          "Rent Expense Supplemental": 1268000000.0,
          "Total Operating Income As Reported": 8891000000.0,
          "Diluted Average Shares": 3482750000.0,
          "Basic Average Shares": 3173500000.0,
          "Diluted EPS": 4.31,
          "Basic EPS": 4.725697,
          "Diluted NI Availto Com Stockholders": 14999000000.0,
          "Average Dilution Earnings": 0.0,
          "Net Income Common Stockholders": 14999000000.0,
          "Otherunder Preferred Stock Dividend": NaN,
          "Net Income": 14999000000.0,
          "Minority Interests": 25000000.0,
          "Net Income Including Noncontrolling Interests": 14974000000.0,
          "Net Income Continuous Operations": 14974000000.0,
          "Tax Provision": -5001000000.0,
          "Pretax Income": 9973000000.0,
          "Other Income Expense": 172000000.0,
          "Other Non Operating Income Expenses": 172000000.0,
          "Special Income Charges": 0.0,
          "Restructuring And Mergern Acquisition": 0.0,
          "Net Non Operating Interest Income Expense": 910000000.0,
          "Interest Expense Non Operating": 156000000.0,
          "Interest Income Non Operating": 1066000000.0,
          "Operating Income": 8891000000.0,
          "Operating Expense": 8769000000.0,
          "Research And Development": 3969000000.0,
          "Selling General And Administration": 4800000000.0,
          "Gross Profit": 17660000000.0,
          "Cost Of Revenue": 79113000000.0,
          "Operating Revenue": 96773000000.0
        },
        "2022-12-31": {
          "Tax Effect Of Unusual Items": -14080000.0,
          "Tax Rate For Calcs": 0.08,
          "Normalized EBITDA": 17833000000.0,
          "Total Unusual Items": -176000000.0,
          "Total Unusual Items Excluding Goodwill": -176000000.0,
          "Net Income From Continuing Operation Net Minority Interest": 12583000000.0,
          "Reconciled Depreciation": 3747000000.0,
          "Reconciled Cost Of Revenue": 60609000000.0,
          "EBITDA": 17657000000.0,
          "EBIT": 13910000000.0,
          "Interest Income": 297000000.0,
          "Normalized Income": 12744920000.0,
          "Net Income From Continuing And Discontinued Operation": 12583000000.0,
          "Total Expenses": 67630000000.0,
          "Rent Expense Supplemental": 1509000000.0,
          "Total Operating Income As Reported": 13656000000.0,
          "Diluted Average Shares": 3475000000.0,
          "Basic Average Shares": 3130000000.0,
          "Diluted EPS": 3.62,
          "Basic EPS": 4.02,
          "Diluted NI Availto Com Stockholders": 12584000000.0,
          "Average Dilution Earnings": 1000000.0,
          "Net Income Common Stockholders": 12583000000.0,
          "Otherunder Preferred Stock Dividend": NaN,
          "Net Income": 12583000000.0,
          "Minority Interests": -4000000.0,
          "Net Income Including Noncontrolling Interests": 12587000000.0,
          "Net Income Continuous Operations": 12587000000.0,
          "Tax Provision": 1132000000.0,
          "Pretax Income": 13719000000.0,
          "Other Income Expense": -219000000.0,
          "Other Non Operating Income Expenses": -43000000.0,
          "Special Income Charges": -176000000.0,
          "Restructuring And Mergern Acquisition": 176000000.0,
          "Net Non Operating Interest Income Expense": 106000000.0,
          "Interest Expense Non Operating": 191000000.0,
          "Interest Income Non Operating": 297000000.0,
          "Operating Income": 13832000000.0,
          "Operating Expense": 7021000000.0,
          "Research And Development": 3075000000.0,
          "Selling General And Administration": 3946000000.0,
          "Gross Profit": 20853000000.0,
          "Cost Of Revenue": 60609000000.0,
          "Operating Revenue": 81462000000.0
        },
        "2021-12-31": {
          "Tax Effect Of Unusual Items": 2970000.0,
          "Tax Rate For Calcs": 0.11,
          "Normalized EBITDA": 9598000000.0,
          "Total Unusual Items": 27000000.0,
          "Total Unusual Items Excluding Goodwill": 27000000.0,
          "Net Income From Continuing Operation Net Minority Interest": 5524000000.0,
          "Reconciled Depreciation": 2911000000.0,
          "Reconciled Cost Of Revenue": 40217000000.0,
          "EBITDA": 9625000000.0,
          "EBIT": 6714000000.0,
          "Interest Income": 56000000.0,
          "Normalized Income": 5499970000.0,
          "Net Income From Continuing And Discontinued Operation": 5524000000.0,
          "Total Expenses": 47327000000.0,
          "Rent Expense Supplemental": 978000000.0,
          "Total Operating Income As Reported": 6523000000.0,
          "Diluted Average Shares": 3386000000.0,
          "Basic Average Shares": 2959000000.0,
          "Diluted EPS": 1.63,
          "Basic EPS": 1.87,
          "Diluted NI Availto Com Stockholders": 5533000000.0,
          "Average Dilution Earnings": 9000000.0,
          "Net Income Common Stockholders": 5524000000.0,
          "Otherunder Preferred Stock Dividend": -5000000.0,
          "Net Income": 5524000000.0,
          "Minority Interests": -120000000.0,
          "Net Income Including Noncontrolling Interests": 5644000000.0,
          "Net Income Continuous Operations": 5644000000.0,
          "Tax Provision": 699000000.0,
          "Pretax Income": 6343000000.0,
          "Other Income Expense": 162000000.0,
          "Other Non Operating Income Expenses": 135000000.0,
          "Special Income Charges": 27000000.0,
          "Restructuring And Mergern Acquisition": -27000000.0,
          "Net Non Operating Interest Income Expense": -315000000.0,
          "Interest Expense Non Operating": 371000000.0,
          "Interest Income Non Operating": 56000000.0,
          "Operating Income": 6496000000.0,
          "Operating Expense": 7110000000.0,
          "Research And Development": 2593000000.0,
          "Selling General And Administration": 4517000000.0,
          "Gross Profit": 13606000000.0,
          "Cost Of Revenue": 40217000000.0,
          "Operating Revenue": 53823000000.0
        }
      }
    },
    "finnhub": {
      "overview": {
        "name": "Tesla Inc",
        "currency": "USD",
        "marketCap": 1394349756592.1262
      },
      "balancesheet": {
        "2022-12-31 00:00:00": {
          "totalAssets": null,
          "totalLiabilities": 36440000000.0,
          "shareholderEquity": null
        },
        "2021-12-31 00:00:00": {
          "totalAssets": 62131000000.0,
          "totalLiabilities": 30548000000.0,
          "shareholderEquity": null
        },
        "2013-12-31 00:00:00": {
          "totalAssets": 2416930000.0,
          "totalLiabilities": 1749810000.0,
          "shareholderEquity": null
        },
        "2012-12-31 00:00:00": {
          "totalAssets": 1114190000.0,
          "totalLiabilities": 989490000.0,
          "shareholderEquity": null
        },
        "2011-12-31 00:00:00": {
          "totalAssets": null,
          "totalLiabilities": 489403000.0,
          "shareholderEquity": null
        }
      },
      "cashflow": {},
      "incomestatement": {
        "2024-12-31 00:00:00": {
          "totalRevenue": 97690000000.0,
          "netIncome": null,
          "interestExpense": null,
          "netInterestIncome": null
        },
        "2023-12-31 00:00:00": {
          "totalRevenue": 96773000000.0,
          "netIncome": null,
          "interestExpense": null,
          "netInterestIncome": null
        },
        "2022-12-31 00:00:00": {
          "totalRevenue": 81462000000.0,
          "netIncome": null,
          "interestExpense": null,
          "netInterestIncome": null
        },
        "2021-12-31 00:00:00": {
          "totalRevenue": 53823000000.0,
          "netIncome": null,
          "interestExpense": null,
          "netInterestIncome": null
        },
        "2020-12-31 00:00:00": {
          "totalRevenue": 28178000000.0,
          "netIncome": null,
          "interestExpense": null,
          "netInterestIncome": null
        },
        "2019-12-31 00:00:00": {
          "totalRevenue": 21483000000.0,
          "netIncome": null,
          "interestExpense": null,
          "netInterestIncome": null
        },
        "2018-12-31 00:00:00": {
          "totalRevenue": 21461268000.0,
          "netIncome": null,
          "interestExpense": null,
          "netInterestIncome": null
        },
        "2013-12-31 00:00:00": {
          "totalRevenue": 2013496000.0,
          "netIncome": null,
          "interestExpense": null,
          "netInterestIncome": null
        },
        "2012-12-31 00:00:00": {
          "totalRevenue": 413256000.0,
          "netIncome": null,
          "interestExpense": null,
          "netInterestIncome": null
        },
        "2011-12-31 00:00:00": {
          "totalRevenue": 204242000.0,
          "netIncome": null,
          "interestExpense": null,
          "netInterestIncome": null
        }
      }
    },
    "alphavantage": {
      "overview": {
        "name": "Tesla Inc",
        "currency": "USD",
        "marketCap": 1455112323000.0,
        "peRatio": 303.83
      },
      "balancesheet": {},
      "cashflow": {
        "2024-12-31": {
          "operatingCashFlow": 14923000000.0,
          "capitalExpenditures": 11342000000.0,
          "freeCashFlow": null
        },
        "2023-12-31": {
          "operatingCashFlow": 13256000000.0,
          "capitalExpenditures": 8899000000.0,
          "freeCashFlow": null
        },
        "2022-12-31": {
          "operatingCashFlow": 14724000000.0,
          "capitalExpenditures": 7172000000.0,
          "freeCashFlow": null
        },
        "2021-12-31": {
          "operatingCashFlow": 11497000000.0,
          "capitalExpenditures": 8014000000.0,
          "freeCashFlow": null
        },
        "2020-12-31": {
          "operatingCashFlow": 5943000000.0,
          "capitalExpenditures": 3242000000.0,
          "freeCashFlow": null
        },
        "2019-12-31": {
          "operatingCashFlow": 2405000000.0,
          "capitalExpenditures": 1437000000.0,
          "freeCashFlow": null
        },
        "2018-12-31": {
          "operatingCashFlow": 2098000000.0,
          "capitalExpenditures": 2319000000.0,
          "freeCashFlow": null
        },
        "2017-12-31": {
          "operatingCashFlow": -61000000.0,
          "capitalExpenditures": 4081354000.0,
          "freeCashFlow": null
        },
        "2016-12-31": {
          "operatingCashFlow": -123829000.0,
          "capitalExpenditures": 1440471000.0,
          "freeCashFlow": null
        },
        "2015-12-31": {
          "operatingCashFlow": -524499000.0,
          "capitalExpenditures": 1634850000.0,
          "freeCashFlow": null
        },
        "2014-12-31": {
          "operatingCashFlow": -57337000.0,
          "capitalExpenditures": 969885000.0,
          "freeCashFlow": null
        },
        "2013-12-31": {
          "operatingCashFlow": 264804000.0,
          "capitalExpenditures": 264224000.0,
          "freeCashFlow": null
        },
        "2012-12-31": {
          "operatingCashFlow": -263815000.0,
          "capitalExpenditures": 239228000.0,
          "freeCashFlow": null
        },
        "2011-12-31": {
          "operatingCashFlow": -114364000.0,
          "capitalExpenditures": 197896000.0,
          "freeCashFlow": null
        },
        "2010-12-31": {
          "operatingCashFlow": -127817000.0,
          "capitalExpenditures": 40203000.0,
          "freeCashFlow": null
        },
        "2009-12-31": {
          "operatingCashFlow": -80825000.0,
          "capitalExpenditures": 11884000.0,
          "freeCashFlow": null
        },
        "2008-12-31": {
          "operatingCashFlow": -52412000.0,
          "capitalExpenditures": 10630000.0,
          "freeCashFlow": null
        },
        "2007-12-31": {
          "operatingCashFlow": -53469000.0,
          "capitalExpenditures": 9802000.0,
          "freeCashFlow": null
        },
        "2006-12-31": {
          "operatingCashFlow": -3428000.0,
          "capitalExpenditures": 6505000.0,
          "freeCashFlow": null
        }
      },
      "incomestatement": {
        "2024-12-31": {
          "totalRevenue": 97690000000.0,
          "netIncome": 7130000000.0,
          "eps": null,
          "interestExpense": 350000000.0,
          "netInterestIncome": 1219000000.0
        },
        "2023-12-31": {
          "totalRevenue": 96773000000.0,
          "netIncome": 14974000000.0,
          "eps": null,
          "interestExpense": 156000000.0,
          "netInterestIncome": 910000000.0
        },
        "2022-12-31": {
          "totalRevenue": 81462000000.0,
          "netIncome": 12587000000.0,
          "eps": null,
          "interestExpense": 191000000.0,
          "netInterestIncome": 106000000.0
        },
        "2021-12-31": {
          "totalRevenue": 53823000000.0,
          "netIncome": 5644000000.0,
          "eps": null,
          "interestExpense": 371000000.0,
          "netInterestIncome": -315000000.0
        },
        "2020-12-31": {
          "totalRevenue": 31536000000.0,
          "netIncome": 721000000.0,
          "eps": null,
          "interestExpense": 748000000.0,
          "netInterestIncome": -718000000.0
        },
        "2019-12-31": {
          "totalRevenue": 24578000000.0,
          "netIncome": -862000000.0,
          "eps": null,
          "interestExpense": 685000000.0,
          "netInterestIncome": -641000000.0
        },
        "2018-12-31": {
          "totalRevenue": 21461268000.0,
          "netIncome": -976000000.0,
          "eps": null,
          "interestExpense": 663000000.0,
          "netInterestIncome": -638538000.0
        },
        "2017-12-31": {
          "totalRevenue": 11759000000.0,
          "netIncome": -1962000000.0,
          "eps": null,
          "interestExpense": 471000000.0,
          "netInterestIncome": -451573000.0
        },
        "2016-12-31": {
          "totalRevenue": 7000132000.0,
          "netIncome": -674914000.0,
          "eps": null,
          "interestExpense": 198810000.0,
          "netInterestIncome": null
        },
        "2015-12-31": {
          "totalRevenue": 4046025000.0,
          "netIncome": -888663000.0,
          "eps": null,
          "interestExpense": 118851000.0,
          "netInterestIncome": null
        },
        "2014-12-31": {
          "totalRevenue": 3198356000.0,
          "netIncome": -294040000.0,
          "eps": null,
          "interestExpense": 100886000.0,
          "netInterestIncome": null
        },
        "2013-12-31": {
          "totalRevenue": 2013496000.0,
          "netIncome": -74014000.0,
          "eps": null,
          "interestExpense": 32934000.0,
          "netInterestIncome": null
        },
        "2012-12-31": {
          "totalRevenue": 413256000.0,
          "netIncome": -396213000.0,
          "eps": null,
          "interestExpense": 254000.0,
          "netInterestIncome": null
        },
        "2011-12-31": {
          "totalRevenue": 204242000.0,
          "netIncome": -254411000.0,
          "eps": null,
          "interestExpense": 43000.0,
          "netInterestIncome": null
        },
        "2010-12-31": {
          "totalRevenue": 116744000.0,
          "netIncome": -154328000.0,
          "eps": null,
          "interestExpense": 992000.0,
          "netInterestIncome": null
        },
        "2009-12-31": {
          "totalRevenue": 111943000.0,
          "netIncome": -55740000.0,
          "eps": null,
          "interestExpense": 2531000.0,
          "netInterestIncome": null
        },
        "2008-12-31": {
          "totalRevenue": 14742000.0,
          "netIncome": -82782000.0,
          "eps": null,
          "interestExpense": 3747000.0,
          "netInterestIncome": null
        },
        "2007-12-31": {
          "totalRevenue": 73000.0,
          "netIncome": -78157000.0,
          "eps": null,
          "interestExpense": 1749000.0,
          "netInterestIncome": null
        },
        "2006-12-31": {
          "totalRevenue": null,
          "netIncome": -29957000.0,
          "eps": null,
          "interestExpense": 423000.0,
          "netInterestIncome": null
        }
      }
    }
  },
  "timestamp": "2026-01-21T04:41:34.823452+00:00"
}